@article{isidori2017stabilization,
  title={Stabilization of Nonlinear Systems via State Feedback},
  author={Isidori, Alberto},
  journal={Lectures in Feedback Design for Multivariable Systems},
  pages={167--199},
  year={2017},
  publisher={Springer}
}

@article{de2023event,
  title={Event-triggered neural network control using quadratic constraints for perturbed systems},
  author={de Souza, Carla and Girard, Antoine and Tarbouriech, Sophie},
  journal={Automatica},
  volume={157},
  pages={111237},
  year={2023},
  publisher={Elsevier}
}

@inproceedings{ebihara2021stability,
  title={Stability analysis of recurrent neural networks by IQC with copositive mutipliers},
  author={Ebihara, Yoshio and Waki, Hayato and Magron, Victor and Mai, Ngoc Hoang Anh and Peaucelle, Dimitri and Tarbouriech, Sophie},
  booktitle={2021 60th IEEE Conference on Decision and Control (CDC)},
  pages={5098--5103},
  year={2021},
  organization={IEEE}
}


@book{isidori2003robust,
  title={Robust autonomous guidance: an internal model approach},
  author={Isidori, Alberto and Marconi, Lorenzo and Serrani, Andrea},
  year={2003},
  publisher={Springer Science \& Business Media}
}

@ARTICLE{Byrnes2003,
  author={Byrnes, C.I. and Isidori, A.},
  journal={IEEE Transactions on Automatic Control}, 
  title={Limit sets, zero dynamics, and internal models in the problem of nonlinear output regulation}, 
  year={2003},
  volume={48},
  number={10},
  pages={1712-1723},
  keywords={Design methodology;Output feedback;Feedback loop;Sufficient conditions;Automatic control;Nonlinear dynamical systems;Signal processing;Signal generators;Trajectory}}

@article{SHIRIAEV20001709,
title = {Stabilization of invariant sets for nonlinear non-affine systems},
journal = {Automatica},
volume = {36},
number = {11},
pages = {1709-1715},
year = {2000},
issn = {0005-1098},
author = {Anton S. Shiriaev and Alexander L. Fradkov}
}

@INPROCEEDINGS{Hassouneh2004,
  author={Hassouneh, M.A. and Hsien-Chiarn Lee and Abed, E.H.},
  booktitle={Proceedings of the 2004 American Control Conference}, 
  title={Washout filters in feedback control: benefits, limitations and extensions}, 
  year={2004},
  volume={5},
  number={},
  pages={3950-3955 vol.5}}}


@ARTICLE{Andrieu2016,
  author={Andrieu, Vincent and Jayawardhana, Bayu and Praly, Laurent},
  journal={IEEE Transactions on Automatic Control}, 
  title={Transverse Exponential Stability and Applications}, 
  year={2016},
  volume={61},
  number={11},
  pages={3396-3411}}

@article{LOHMILLER1998683,
title = {On Contraction Analysis for Non-linear Systems},
journal = {Automatica},
volume = {34},
number = {6},
pages = {683-696},
year = {1998},
issn = {0005-1098},
author = {WINFRIED Lohmiller and JEAN-JACQUES E. Slotine}
}

@article{Wu2022,
	title = {$k$-contraction: Theory and applications},
	journal = {Automatica},
	year = {2022},
	author = {Chengshuai Wu and Ilya Kanevskiy and Michael Margaliot},
	volume = {136},
	pages = {110048},
}

@article{cecilia2023generalized,
  title={Generalized Lyapunov conditions for k-contraction: analysis and feedback design},
  author={Cecilia, Andreu and Zoboli, Samuele and Astolfi, Daniele and Serres, Ulysse and Andrieu, Vincent},
  year={2023},
  journal = {Submitted to IEEE Transaction on Automatic Control},
  volume = {HAL preprint hal-04300588},
  pdf = {https://hal.science/hal-04300588v2/file/Generalized%20Lyapunov%20conditions%20for%20k-contraction.pdf}
}

@article{Michael1995,
author = {Michael Y. Li and James S. Muldowney},
title = {{On R.A. Smith's Autonomous Convergence Theorem}},
volume = {25},
journal = {Rocky Mountain Journal of Mathematics},
number = {1},
publisher = {Rocky Mountain Mathematics Consortium},
pages = {365 -- 378},
year = {1995}
}


@article{Muldowney1990,
  title={Compound Matrices and Ordinary Differential Equations},
  author={Muldowney, J.S.},
  journal={Rocky Mountain Journal of Mathematics},
  volume={20},
  number={4},
  pages={857-872},
  year={1990},
  publisher={JSTOR}
}

@ARTICLE{Angeli2022,
  author={Angeli, David and Al-Radhawi, Muhammad Ali and Sontag, Eduardo D.},
  journal={IEEE Transactions on Automatic Control}, 
  title={A Robust {L}yapunov Criterion for Nonoscillatory Behaviors in Biological Interaction Networks}, 
  year={2022},
  volume={67},
  number={7},
  pages={3305-3320}}

@book{fiedler2008special,
  title={Special matrices and their applications in numerical mathematics},
  author={Fiedler, Miroslav},
  year={2008},
  publisher={Courier Corporation}
}

@article{PAVLOV2004257,
title = {Convergent dynamics, a tribute to Boris Pavlovich Demidovich},
journal = {Systems \& Control Letters},
volume = {52},
number = {3},
pages = {257-261},
year = {2004},
issn = {0167-6911},
author = {A. Pavlov and A. Pogromsky and N. {van de Wouw} and H. Nijmeijer}
}

@article{RUFFER2013277,
title = {Convergent systems vs. incremental stability},
journal = {Systems \& Control Letters},
volume = {62},
number = {3},
pages = {277-285},
year = {2013},
issn = {0167-6911},
author = {Björn S. Rüffer and Nathan {van de Wouw} and Markus Mueller}
}

@article{GIACCAGLI2023111106,
title = {{LMI conditions for contraction, integral action, and output feedback stabilization for a class of nonlinear systems}},
journal = {Automatica},
volume = {154},
pages = {111106},
year = {2023},
issn = {0005-1098},
author = {Mattia Giaccagli and Vincent Andrieu and Sophie Tarbouriech and Daniele Astolfi}, 
}

@ARTICLE{Astolfi2017,
  author={Astolfi, Daniele and Praly, Laurent},
  journal={IEEE Transactions on Automatic Control}, 
  title={Integral Action in Output Feedback for Multi-Input Multi-Output Nonlinear Systems}, 
  year={2017},
  volume={62},
  number={4},
  pages={1559-1574}}


@article{zoboli2024dynamic,
  title={Dynamic output-feedback design for generalized Lyapunov inequalities},
  author={Zoboli, Samuele and Cecilia, Andreu and Tarbouriech, Sophie},
  journal={Submitted to Automatica, HAL preprint: hal-04738534},
  year={2024}
}

@inproceedings{zoboli2024quadratic,
  title={Quadratic abstractions for k-contraction},
  author={Zoboli, Samuele and Cecilia, Andreu and Tarbouriech, Sophie},
  booktitle={To appear in 63rd Conference on Decision and Control},
  pdf = {https://hal.science/hal-04619425v1/file/Quadratic_abstractions_for_k_contraction.pdf},
  year={2024},
  organization={HAL preprint hal-04619425}
}

@article{ANGELI2024152,
title = {Removing Chaos while preserving equilibria by means of 2-contraction},
journal = {IFAC-PapersOnLine},
volume = {58},
number = {5},
pages = {152-157},
year = {2024},
note = {7th IFAC Conference on Analysis and Control of Nonlinear Dynamics and Chaos ACNDC 2024},
issn = {2405-8963},
author = {David Angeli and Davide Martini and Giacomo Innocenti and Alberto Tesi}
}

@article{ZAHEER2021109495,
title = {Derivative feedback control of nonlinear systems with uncertain equilibrium states and actuator constraints},
journal = {Automatica},
volume = {127},
pages = {109495},
year = {2021},
issn = {0005-1098},
author = {Muhammad Hamad Zaheer and Khalid M. Arthur and Se Young (Pablo) Yoon}
}

@INPROCEEDINGS{Arthur2019,
  author={Arthur, Khalid M. and Yoon, Se Young},
  booktitle={2019 IEEE 58th Conference on Decision and Control (CDC)}, 
  title={Robust Derivative Feedback Control for Systems with Uncertain Equilibrium States}, 
  year={2019},
  volume={},
  number={},
  pages={5793-5798}}

@article{ARTHUR202040,
title = {Robust stabilization at uncertain equilibrium by output derivative feedback control},
journal = {ISA Transactions},
volume = {107},
pages = {40-51},
year = {2020},
issn = {0019-0578},
author = {Khalid M. Arthur and Se Young Yoon}
}

@article{bar2023compound,
  title={Compound matrices in systems and control theory: a tutorial},
  author={Bar-Shalom, Eyal and Dalin, Omri and Margaliot, Michael},
  journal={Mathematics of Control, Signals, and Systems},
  pages={1--55},
  year={2023},
  publisher={Springer}
}

@article{GARRARD1977497,
title = {Design of nonlinear automatic flight control systems},
journal = {Automatica},
volume = {13},
number = {5},
pages = {497-505},
year = {1977},
issn = {0005-1098},
author = {William L. Garrard and John M. Jordan}
}

@article{WANG19951213,
title = {Bifurcation control of a chaotic system},
journal = {Automatica},
volume = {31},
number = {9},
pages = {1213-1226},
year = {1995},
issn = {0005-1098},
author = {Hua O. Wang and Eyad H. Abed}
}

@INPROCEEDINGS{zoboli2023lmi,
  author={Zoboli, Samuele and Cecilia, Andreu and Serres, Ulysse and Astolfi, Daniele and Andrieu, Vincent},
  booktitle={62nd IEEE Conference on Decision and Control}, 
  title={{LMI Conditions for $k$-contraction Analysis: A Step Towards Design}}, 
  year={2023},
  pages={1903-1910}}

@inproceedings{zoboli2024k,
  title={k-contraction analysis for discrete-time systems},
  author={Zoboli, Samuele and Cecilia, Andreu},
  booktitle={4th IFAC Conference of Modelling, Identification and Control of Nonlinear Systems},
  year={2024}
}

@article{OFIR2024111341,
title = {Contraction and k-contraction in Lurie systems with applications to networked systems},
journal = {Automatica},
volume = {159},
pages = {111341},
year = {2024},
issn = {0005-1098},
author = {Ron Ofir and Alexander Ovseevich and Michael Margaliot}
}

@article{angeli2023smallgain,
      title={A small-gain theorem for 2-contraction of nonlinear interconnected systems}, 
      author={David Angeli and Davide Martini and Giacomo Innocenti and Alberto Tesi},
      year={2023},
    journal={arXiv preprint arXiv:2305.03211},
      eprint={2305.03211},
      archivePrefix={arXiv},
      primaryClass={eess.SY},
      url={https://arxiv.org/abs/2305.03211}, 
}