% LTeX: enabled=false

@ARTICLE{css-paper,
  author={de Souza, C. and Tarbouriech, S. and Girard, A.},
  journal={IEEE Control Systems Letters}, 
  title={Event-Triggered Neural Network Control for LTI Systems}, 
  year={2023},
  volume={7},
  number={},
  pages={1381-1386},
  keywords={Neural networks;Symmetric matrices;Artificial neural networks;Stability criteria;Linear systems;Linear matrix inequalities;Computational efficiency;Event-triggered control;neural network control;quadratic constraints;linear matrix inequalities;Lyapunov theory},
  doi={10.1109/LCSYS.2023.3242835}}

@Inbook{css-extended,
author="Tarbouriech, Sophie
and De Souza, Carla
and Girard, Antoine",
editor="Postoyan, Romain
and Frasca, Paolo
and Panteley, Elena
and Zaccarian, Luca",
title="Layers Update of Neural Network Control via Event-Triggering Mechanism",
bookTitle="Hybrid and Networked Dynamical Systems: Modeling, Analysis and Control",
year="2024",
publisher="Springer Nature Switzerland",
address="Cham",
pages="253--272",
abstract="The chapter deals with the design of event-triggering mechanismsEventevent-triggering mechanism (ETM) for discrete-time linear systemsLinearsystems stabilized by neural networkNetworkneural network controllers. The proposed event-triggering mechanismEventevent-triggering mechanism is based on the use of local sector conditions related to the activation functionsActivation function, to reduce the computational cost associated with the neural networkNetworkneural network evaluation. Such a mechanism avoids redundant computations by updating only a portion of the layersLayer instead of evaluating periodically the complete neural networkNetworkneural network. Sufficient matrix inequality conditions are provided to design the parameters of the event-triggering mechanism Eventevent-triggering mechanism and compute an inner-approximation of the region of attractionRegion of attraction for the feedback system. The theoretical conditions are obtained by using a quadratic Lyapunov functionLyapunovfunction and an adequate abstraction of the activation functionsActivation function via generalised sector condition to decide whether the outputs of the layersLayer should be transmitted through the network or not. Convex optimisation procedures can be associated to the theoretical conditions in order to maximise the approximation of the region of attractionRegion of attraction or to minimise the number of updates. The advantages and the drawbacks of our approach are illustrated in an example borrowed from the literature, namely the nonlinear inverted pendulum system stabilized by a trained neural networkNetworkneural network.",
isbn="978-3-031-49555-7",
doi="10.1007/978-3-031-49555-7_11",
url="https://doi.org/10.1007/978-3-031-49555-7_11"
}

@article{data-driven,
  title={Data-driven event-triggering mechanism for linear systems subject to input saturation},
  author={Seuret, Alexandre and Tarbouriech, Sophie},
  journal={European Journal of Control},
  pages={101045},
  year={2024},
  publisher={Elsevier}
}

@article{automatica,
  title={Event-triggered neural network control using quadratic constraints for perturbed systems},
  author={de Souza, Carla and Girard, Antoine and Tarbouriech, Sophie},
  journal={Automatica},
  volume={157},
  pages={111237},
  year={2023},
  publisher={Elsevier}
}

@article{isabelle-paper,
  title={Design of saturating state feedback with sign-indefinite quadratic forms},
  author={Queinnec, Isabelle and Tarbouriech, Sophie and Valmorbida, Giorgio and Zaccarian, Luca},
  journal={IEEE Transactions on Automatic Control},
  volume={67},
  number={7},
  pages={3507--3520},
  year={2021},
  publisher={IEEE}
}

@book{sophie-book-saturation,
  title={Stability and stabilization of linear systems with saturating actuators},
  author={Tarbouriech, Sophie and Garcia, Germain and da Silva Jr, Jo{\~a}o Manoel Gomes and Queinnec, Isabelle},
  year={2011},
  publisher={Springer Science \& Business Media}
}

@misc{integrator-dt,
      title={Total stability and integral action for discrete-time nonlinear systems}, 
      author={Samuele Zoboli and Daniele Astolfi and Vincent Andrieu},
      year={2022},
      eprint={2210.03450},
      archivePrefix={arXiv},
      primaryClass={eess.SY},
      url={https://arxiv.org/abs/2210.03450}, 
}

@article{implicit-nn-ref,
  title={Implicit deep learning},
  author={El Ghaoui, Laurent and Gu, Fangda and Travacca, Bertrand and Askari, Armin and Tsai, Alicia},
  journal={SIAM Journal on Mathematics of Data Science},
  volume={3},
  number={3},
  pages={930--958},
  year={2021},
  publisher={SIAM}
}

@article{iqc-intro,
  title={Dissipativity and integral quadratic constraints: Tailored computational robustness tests for complex interconnections},
  author={Scherer, Carsten W},
  journal={IEEE Control Systems Magazine},
  volume={42},
  number={3},
  pages={115--139},
  year={2022},
  publisher={IEEE}
}

@article{arcak-first,
  title={Stability analysis using quadratic constraints for systems with neural network controllers},
  author={Yin, He and Seiler, Peter and Arcak, Murat},
  journal={IEEE Transactions on Automatic Control},
  volume={67},
  number={4},
  pages={1980--1987},
  year={2021},
  publisher={IEEE}
}

@inproceedings{positive-systems,
  title={A tutorial on positive systems and large scale control},
  author={Rantzer, Anders and Valcher, Maria Elena},
  booktitle={2018 IEEE Conference on Decision and Control (CDC)},
  pages={3686--3697},
  year={2018},
  organization={IEEE}
}

@article{multiobjective-1,
  title={Multiobjective output-feedback control via LMI optimization},
  author={Scherer, Carsten and Gahinet, Pascal and Chilali, Mahmoud},
  journal={IEEE Transactions on automatic control},
  volume={42},
  number={7},
  pages={896--911},
  year={1997},
  publisher={IEEE}
}

@article{multiobjective-2,
  title={An efficient solution to multi-objective control problems with LMI objectives},
  author={Scherer, Carsten W},
  journal={Systems \& control letters},
  volume={40},
  number={1},
  pages={43--57},
  year={2000},
  publisher={Elsevier}
}
@article{stubborn-1,
  title={Stubborn state observers for linear time-invariant systems},
  author={Alessandri, Angelo and Zaccarian, Luca},
  journal={Automatica},
  volume={88},
  pages={1--9},
  year={2018},
  publisher={Elsevier}
}

@article{stubborn-2,
  title={Stubborn ISS redesign for nonlinear high-gain observers},
  author={Astolfi, Daniele and Alessandri, Angelo and Zaccarian, Luca},
  journal={IFAC-PapersOnLine},
  volume={50},
  number={1},
  pages={15422--15427},
  year={2017},
  publisher={Elsevier}
}

@article{stubborn-3,
  title={LMI-based stubborn and dead-zone redesign in linear dynamic output feedback},
  author={Tarbouriech, Sophie and Alessandri, Angelo and Astolfi, Daniele and Zaccarian, Luca},
  journal={IEEE Control Systems Letters},
  volume={7},
  pages={187--192},
  year={2022},
  publisher={IEEE}
}

@article{junnarkar2024synthesizing,
  title={Synthesizing Neural Network Controllers with Closed-Loop Dissipativity Guarantees},
  author={Junnarkar, Neelay and Arcak, Murat and Seiler, Peter},
  journal={arXiv preprint arXiv:2404.07373},
  year={2024}
}

@misc{volume,
  title={Volumes of n-dimensional spheres and ellipsoids},
  author={Jorgensen, Michael},
  year={2014}
}